<?xml version="1.0" encoding="UTF-8"?><record xmlns="http://www.loc.gov/MARC21/slim" xmlns:cinclude="http://apache.org/cocoon/include/1.0" xmlns:zs="http://www.loc.gov/zing/srw/">
  <leader>00428nz  a2200133n  4500</leader>
  <controlfield tag="001">no2012064155</controlfield>
  <controlfield tag="003">DLC</controlfield>
  <controlfield tag="005">20120510075250.0</controlfield>
  <controlfield tag="008">120508n| acannaabn          |n aaa     c</controlfield>
  <datafield tag="010" ind1=" " ind2=" ">
    <subfield code="a">no2012064155</subfield>
  </datafield>
  <datafield tag="035" ind1=" " ind2=" ">
    <subfield code="a">(OCoLC)oca09192817</subfield>
  </datafield>
  <datafield tag="040" ind1=" " ind2=" ">
    <subfield code="a">WaBeW</subfield>
    <subfield code="b">eng</subfield>
    <subfield code="c">WaBeW</subfield>
  </datafield>
  <datafield tag="100" ind1="1" ind2=" ">
    <subfield code="a">Jarvis, Alan J.</subfield>
    <subfield code="q">(Alan John)</subfield>
  </datafield>
  <datafield tag="670" ind1=" " ind2=" ">
    <subfield code="a">The angling library of Alan Jarvis, 2012:</subfield>
    <subfield code="b">cover (Alan Jarvis) ; (Alan John Jarvis, catalog report website of Bookmark)</subfield>
  </datafield>
</record>